@inproceedings{baskiotis1979parameter,
  author       = {Baskiotis, C and Raymond, J and Rault, A},
  booktitle    = {1979 18th IEEE Conference on Decision and Control including the Symposium on Adaptive Processes},
  organization = {IEEE},
  pages        = {648--650},
  title        = {Parameter identification and discriminant analysis for jet engine machanical state diagnosis},
  volume       = {2},
  year         = {1979}
}

@article{geiger1982monitoring,
  author    = {Geiger, G},
  journal   = {IFAC Proceedings Volumes},
  number    = {4},
  pages     = {603--608},
  publisher = {Elsevier},
  title     = {Monitoring of an electrical driven pump using continuous-time parameter estimation methods},
  volume    = {15},
  year      = {1982}
}

@inproceedings{filbert1982quality,
  author    = {Filbert, D and Metzger, K},
  booktitle = {The 9th IMEKO Congress, Berlin, Germany},
  title     = {Quality test of systems by parameter estimation},
  year      = {1982}
}

@article{hohmann1977automatic,
  author  = {Hohmann, H},
  journal = {Master's thesis, TH Darmstadt, Germany},
  title   = {Automatic monitoring and failure diagnosis for machine tools},
  year    = {1977}
}



@article{isermann1984process,
  author    = {Isermann, Rolf},
  journal   = {automatica},
  number    = {4},
  pages     = {387--404},
  publisher = {Elsevier},
  title     = {Process fault detection based on modeling and estimation methodsâ€”A survey},
  volume    = {20},
  year      = {1984}
}


@article{isermann1997trends,
  author    = {Isermann, Rolf and Balle, Peter},
  journal   = {Control engineering practice},
  number    = {5},
  pages     = {709--719},
  publisher = {Elsevier},
  title     = {Trends in the application of model-based fault detection and diagnosis of technical processes},
  volume    = {5},
  year      = {1997}
}
